%YAML 1.1
%TAG !u! tag:unity3d.com,2011:
--- !u!1 &7822925784534440309
GameObject:
  m_ObjectHideFlags: 0
  m_CorrespondingSourceObject: {fileID: 0}
  m_PrefabInstance: {fileID: 0}
  m_PrefabAsset: {fileID: 0}
  serializedVersion: 6
  m_Component:
  - component: {fileID: 6164276006577429419}
  - component: {fileID: -8313025294301676625}
  m_Layer: 0
  m_Name: Barrier_A
  m_TagString: Untagged
  m_Icon: {fileID: 0}
  m_NavMeshLayer: 0
  m_StaticEditorFlags: 0
  m_IsActive: 1
--- !u!4 &6164276006577429419
Transform:
  m_ObjectHideFlags: 0
  m_CorrespondingSourceObject: {fileID: 0}
  m_PrefabInstance: {fileID: 0}
  m_PrefabAsset: {fileID: 0}
  m_GameObject: {fileID: 7822925784534440309}
  m_LocalRotation: {x: 0, y: 0, z: 0, w: 1}
  m_LocalPosition: {x: 5.766436, y: -4.941987, z: -42.947327}
  m_LocalScale: {x: 1, y: 1, z: 1}
  m_Children:
  - {fileID: 3471831488521930645}
  - {fileID: 5726830231984196868}
  - {fileID: 7694941824141876353}
  - {fileID: 7050370393003621092}
  - {fileID: 1713447039697909535}
  m_Father: {fileID: 0}
  m_RootOrder: 0
  m_LocalEulerAnglesHint: {x: 0, y: 0, z: 0}
--- !u!64 &-8313025294301676625
MeshCollider:
  m_ObjectHideFlags: 0
  m_CorrespondingSourceObject: {fileID: 0}
  m_PrefabInstance: {fileID: 0}
  m_PrefabAsset: {fileID: 0}
  m_GameObject: {fileID: 7822925784534440309}
  m_Material: {fileID: 0}
  m_IsTrigger: 0
  m_Enabled: 1
  serializedVersion: 4
  m_Convex: 0
  m_CookingOptions: 30
  m_Mesh: {fileID: 0}
--- !u!1001 &1174835305536950516
PrefabInstance:
  m_ObjectHideFlags: 0
  serializedVersion: 2
  m_Modification:
    m_TransformParent: {fileID: 6164276006577429419}
    m_Modifications:
    - target: {fileID: -8679921383154817045, guid: 83269ef14f7e8a149b9776ece7c66dd3,
        type: 3}
      propertyPath: m_LocalPosition.x
      value: 1.457974
      objectReference: {fileID: 0}
    - target: {fileID: -8679921383154817045, guid: 83269ef14f7e8a149b9776ece7c66dd3,
        type: 3}
      propertyPath: m_LocalPosition.y
      value: 6.6429873
      objectReference: {fileID: 0}
    - target: {fileID: -8679921383154817045, guid: 83269ef14f7e8a149b9776ece7c66dd3,
        type: 3}
      propertyPath: m_LocalPosition.z
      value: 10.8763275
      objectReference: {fileID: 0}
    - target: {fileID: -8679921383154817045, guid: 83269ef14f7e8a149b9776ece7c66dd3,
        type: 3}
      propertyPath: m_LocalRotation.x
      value: -0.7071068
      objectReference: {fileID: 0}
    - target: {fileID: -8679921383154817045, guid: 83269ef14f7e8a149b9776ece7c66dd3,
        type: 3}
      propertyPath: m_LocalRotation.y
      value: -0
      objectReference: {fileID: 0}
    - target: {fileID: -8679921383154817045, guid: 83269ef14f7e8a149b9776ece7c66dd3,
        type: 3}
      propertyPath: m_LocalRotation.z
      value: -0
      objectReference: {fileID: 0}
    - target: {fileID: -8679921383154817045, guid: 83269ef14f7e8a149b9776ece7c66dd3,
        type: 3}
      propertyPath: m_LocalRotation.w
      value: 0.7071068
      objectReference: {fileID: 0}
    - target: {fileID: -8679921383154817045, guid: 83269ef14f7e8a149b9776ece7c66dd3,
        type: 3}
      propertyPath: m_RootOrder
      value: 4
      objectReference: {fileID: 0}
    - target: {fileID: -8679921383154817045, guid: 83269ef14f7e8a149b9776ece7c66dd3,
        type: 3}
      propertyPath: m_LocalEulerAnglesHint.x
      value: 0
      objectReference: {fileID: 0}
    - target: {fileID: -8679921383154817045, guid: 83269ef14f7e8a149b9776ece7c66dd3,
        type: 3}
      propertyPath: m_LocalEulerAnglesHint.y
      value: 0
      objectReference: {fileID: 0}
    - target: {fileID: -8679921383154817045, guid: 83269ef14f7e8a149b9776ece7c66dd3,
        type: 3}
      propertyPath: m_LocalEulerAnglesHint.z
      value: 0
      objectReference: {fileID: 0}
    - target: {fileID: 919132149155446097, guid: 83269ef14f7e8a149b9776ece7c66dd3,
        type: 3}
      propertyPath: m_Name
      value: Barrier_03 (1)
      objectReference: {fileID: 0}
    m_RemovedComponents: []
  m_SourcePrefab: {fileID: 100100000, guid: 83269ef14f7e8a149b9776ece7c66dd3, type: 3}
--- !u!4 &1713447039697909535 stripped
Transform:
  m_CorrespondingSourceObject: {fileID: -8679921383154817045, guid: 83269ef14f7e8a149b9776ece7c66dd3,
    type: 3}
  m_PrefabInstance: {fileID: 1174835305536950516}
  m_PrefabAsset: {fileID: 0}
--- !u!1001 &4009563924765663358
PrefabInstance:
  m_ObjectHideFlags: 0
  serializedVersion: 2
  m_Modification:
    m_TransformParent: {fileID: 6164276006577429419}
    m_Modifications:
    - target: {fileID: -8679921383154817045, guid: 83269ef14f7e8a149b9776ece7c66dd3,
        type: 3}
      propertyPath: m_LocalPosition.x
      value: 0.55697393
      objectReference: {fileID: 0}
    - target: {fileID: -8679921383154817045, guid: 83269ef14f7e8a149b9776ece7c66dd3,
        type: 3}
      propertyPath: m_LocalPosition.y
      value: 6.6429873
      objectReference: {fileID: 0}
    - target: {fileID: -8679921383154817045, guid: 83269ef14f7e8a149b9776ece7c66dd3,
        type: 3}
      propertyPath: m_LocalPosition.z
      value: 10.8763275
      objectReference: {fileID: 0}
    - target: {fileID: -8679921383154817045, guid: 83269ef14f7e8a149b9776ece7c66dd3,
        type: 3}
      propertyPath: m_LocalRotation.x
      value: -0.7071068
      objectReference: {fileID: 0}
    - target: {fileID: -8679921383154817045, guid: 83269ef14f7e8a149b9776ece7c66dd3,
        type: 3}
      propertyPath: m_LocalRotation.y
      value: -0
      objectReference: {fileID: 0}
    - target: {fileID: -8679921383154817045, guid: 83269ef14f7e8a149b9776ece7c66dd3,
        type: 3}
      propertyPath: m_LocalRotation.z
      value: -0
      objectReference: {fileID: 0}
    - target: {fileID: -8679921383154817045, guid: 83269ef14f7e8a149b9776ece7c66dd3,
        type: 3}
      propertyPath: m_LocalRotation.w
      value: 0.7071068
      objectReference: {fileID: 0}
    - target: {fileID: -8679921383154817045, guid: 83269ef14f7e8a149b9776ece7c66dd3,
        type: 3}
      propertyPath: m_RootOrder
      value: 0
      objectReference: {fileID: 0}
    - target: {fileID: -8679921383154817045, guid: 83269ef14f7e8a149b9776ece7c66dd3,
        type: 3}
      propertyPath: m_LocalEulerAnglesHint.x
      value: 0
      objectReference: {fileID: 0}
    - target: {fileID: -8679921383154817045, guid: 83269ef14f7e8a149b9776ece7c66dd3,
        type: 3}
      propertyPath: m_LocalEulerAnglesHint.y
      value: 0
      objectReference: {fileID: 0}
    - target: {fileID: -8679921383154817045, guid: 83269ef14f7e8a149b9776ece7c66dd3,
        type: 3}
      propertyPath: m_LocalEulerAnglesHint.z
      value: 0
      objectReference: {fileID: 0}
    - target: {fileID: 919132149155446097, guid: 83269ef14f7e8a149b9776ece7c66dd3,
        type: 3}
      propertyPath: m_Name
      value: Barrier_03
      objectReference: {fileID: 0}
    m_RemovedComponents: []
  m_SourcePrefab: {fileID: 100100000, guid: 83269ef14f7e8a149b9776ece7c66dd3, type: 3}
--- !u!4 &3471831488521930645 stripped
Transform:
  m_CorrespondingSourceObject: {fileID: -8679921383154817045, guid: 83269ef14f7e8a149b9776ece7c66dd3,
    type: 3}
  m_PrefabInstance: {fileID: 4009563924765663358}
  m_PrefabAsset: {fileID: 0}
--- !u!1001 &5256669144922696431
PrefabInstance:
  m_ObjectHideFlags: 0
  serializedVersion: 2
  m_Modification:
    m_TransformParent: {fileID: 6164276006577429419}
    m_Modifications:
    - target: {fileID: -8679921383154817045, guid: 9d5ebe7768637564d8749e872b35aa4c,
        type: 3}
      propertyPath: m_LocalPosition.x
      value: -0.23243618
      objectReference: {fileID: 0}
    - target: {fileID: -8679921383154817045, guid: 9d5ebe7768637564d8749e872b35aa4c,
        type: 3}
      propertyPath: m_LocalPosition.y
      value: 6.1717596
      objectReference: {fileID: 0}
    - target: {fileID: -8679921383154817045, guid: 9d5ebe7768637564d8749e872b35aa4c,
        type: 3}
      propertyPath: m_LocalPosition.z
      value: 11.065327
      objectReference: {fileID: 0}
    - target: {fileID: -8679921383154817045, guid: 9d5ebe7768637564d8749e872b35aa4c,
        type: 3}
      propertyPath: m_LocalRotation.x
      value: -0.7071068
      objectReference: {fileID: 0}
    - target: {fileID: -8679921383154817045, guid: 9d5ebe7768637564d8749e872b35aa4c,
        type: 3}
      propertyPath: m_LocalRotation.y
      value: -0
      objectReference: {fileID: 0}
    - target: {fileID: -8679921383154817045, guid: 9d5ebe7768637564d8749e872b35aa4c,
        type: 3}
      propertyPath: m_LocalRotation.z
      value: -0
      objectReference: {fileID: 0}
    - target: {fileID: -8679921383154817045, guid: 9d5ebe7768637564d8749e872b35aa4c,
        type: 3}
      propertyPath: m_LocalRotation.w
      value: 0.7071068
      objectReference: {fileID: 0}
    - target: {fileID: -8679921383154817045, guid: 9d5ebe7768637564d8749e872b35aa4c,
        type: 3}
      propertyPath: m_RootOrder
      value: 1
      objectReference: {fileID: 0}
    - target: {fileID: -8679921383154817045, guid: 9d5ebe7768637564d8749e872b35aa4c,
        type: 3}
      propertyPath: m_LocalEulerAnglesHint.x
      value: 0
      objectReference: {fileID: 0}
    - target: {fileID: -8679921383154817045, guid: 9d5ebe7768637564d8749e872b35aa4c,
        type: 3}
      propertyPath: m_LocalEulerAnglesHint.y
      value: 0
      objectReference: {fileID: 0}
    - target: {fileID: -8679921383154817045, guid: 9d5ebe7768637564d8749e872b35aa4c,
        type: 3}
      propertyPath: m_LocalEulerAnglesHint.z
      value: 0
      objectReference: {fileID: 0}
    - target: {fileID: 919132149155446097, guid: 9d5ebe7768637564d8749e872b35aa4c,
        type: 3}
      propertyPath: m_Name
      value: Barrier_01
      objectReference: {fileID: 0}
    m_RemovedComponents: []
  m_SourcePrefab: {fileID: 100100000, guid: 9d5ebe7768637564d8749e872b35aa4c, type: 3}
--- !u!4 &5726830231984196868 stripped
Transform:
  m_CorrespondingSourceObject: {fileID: -8679921383154817045, guid: 9d5ebe7768637564d8749e872b35aa4c,
    type: 3}
  m_PrefabInstance: {fileID: 5256669144922696431}
  m_PrefabAsset: {fileID: 0}
--- !u!1001 &7376135301402729743
PrefabInstance:
  m_ObjectHideFlags: 0
  serializedVersion: 2
  m_Modification:
    m_TransformParent: {fileID: 6164276006577429419}
    m_Modifications:
    - target: {fileID: -8679921383154817045, guid: 34258e6f387730e4e89c581574f7a60d,
        type: 3}
      propertyPath: m_LocalPosition.x
      value: 1.4785638
      objectReference: {fileID: 0}
    - target: {fileID: -8679921383154817045, guid: 34258e6f387730e4e89c581574f7a60d,
        type: 3}
      propertyPath: m_LocalPosition.y
      value: 6.203987
      objectReference: {fileID: 0}
    - target: {fileID: -8679921383154817045, guid: 34258e6f387730e4e89c581574f7a60d,
        type: 3}
      propertyPath: m_LocalPosition.z
      value: 10.969326
      objectReference: {fileID: 0}
    - target: {fileID: -8679921383154817045, guid: 34258e6f387730e4e89c581574f7a60d,
        type: 3}
      propertyPath: m_LocalRotation.x
      value: -0.7071068
      objectReference: {fileID: 0}
    - target: {fileID: -8679921383154817045, guid: 34258e6f387730e4e89c581574f7a60d,
        type: 3}
      propertyPath: m_LocalRotation.y
      value: -0
      objectReference: {fileID: 0}
    - target: {fileID: -8679921383154817045, guid: 34258e6f387730e4e89c581574f7a60d,
        type: 3}
      propertyPath: m_LocalRotation.z
      value: -0
      objectReference: {fileID: 0}
    - target: {fileID: -8679921383154817045, guid: 34258e6f387730e4e89c581574f7a60d,
        type: 3}
      propertyPath: m_LocalRotation.w
      value: 0.7071068
      objectReference: {fileID: 0}
    - target: {fileID: -8679921383154817045, guid: 34258e6f387730e4e89c581574f7a60d,
        type: 3}
      propertyPath: m_RootOrder
      value: 3
      objectReference: {fileID: 0}
    - target: {fileID: -8679921383154817045, guid: 34258e6f387730e4e89c581574f7a60d,
        type: 3}
      propertyPath: m_LocalEulerAnglesHint.x
      value: 0
      objectReference: {fileID: 0}
    - target: {fileID: -8679921383154817045, guid: 34258e6f387730e4e89c581574f7a60d,
        type: 3}
      propertyPath: m_LocalEulerAnglesHint.y
      value: 0
      objectReference: {fileID: 0}
    - target: {fileID: -8679921383154817045, guid: 34258e6f387730e4e89c581574f7a60d,
        type: 3}
      propertyPath: m_LocalEulerAnglesHint.z
      value: 0
      objectReference: {fileID: 0}
    - target: {fileID: 919132149155446097, guid: 34258e6f387730e4e89c581574f7a60d,
        type: 3}
      propertyPath: m_Name
      value: Barrier_02 (1)
      objectReference: {fileID: 0}
    m_RemovedComponents: []
  m_SourcePrefab: {fileID: 100100000, guid: 34258e6f387730e4e89c581574f7a60d, type: 3}
--- !u!4 &7050370393003621092 stripped
Transform:
  m_CorrespondingSourceObject: {fileID: -8679921383154817045, guid: 34258e6f387730e4e89c581574f7a60d,
    type: 3}
  m_PrefabInstance: {fileID: 7376135301402729743}
  m_PrefabAsset: {fileID: 0}
--- !u!1001 &7873230773849471850
PrefabInstance:
  m_ObjectHideFlags: 0
  serializedVersion: 2
  m_Modification:
    m_TransformParent: {fileID: 6164276006577429419}
    m_Modifications:
    - target: {fileID: -8679921383154817045, guid: 34258e6f387730e4e89c581574f7a60d,
        type: 3}
      propertyPath: m_LocalPosition.x
      value: 0.57756376
      objectReference: {fileID: 0}
    - target: {fileID: -8679921383154817045, guid: 34258e6f387730e4e89c581574f7a60d,
        type: 3}
      propertyPath: m_LocalPosition.y
      value: 6.203987
      objectReference: {fileID: 0}
    - target: {fileID: -8679921383154817045, guid: 34258e6f387730e4e89c581574f7a60d,
        type: 3}
      propertyPath: m_LocalPosition.z
      value: 10.969326
      objectReference: {fileID: 0}
    - target: {fileID: -8679921383154817045, guid: 34258e6f387730e4e89c581574f7a60d,
        type: 3}
      propertyPath: m_LocalRotation.x
      value: -0.7071068
      objectReference: {fileID: 0}
    - target: {fileID: -8679921383154817045, guid: 34258e6f387730e4e89c581574f7a60d,
        type: 3}
      propertyPath: m_LocalRotation.y
      value: -0
      objectReference: {fileID: 0}
    - target: {fileID: -8679921383154817045, guid: 34258e6f387730e4e89c581574f7a60d,
        type: 3}
      propertyPath: m_LocalRotation.z
      value: -0
      objectReference: {fileID: 0}
    - target: {fileID: -8679921383154817045, guid: 34258e6f387730e4e89c581574f7a60d,
        type: 3}
      propertyPath: m_LocalRotation.w
      value: 0.7071068
      objectReference: {fileID: 0}
    - target: {fileID: -8679921383154817045, guid: 34258e6f387730e4e89c581574f7a60d,
        type: 3}
      propertyPath: m_RootOrder
      value: 2
      objectReference: {fileID: 0}
    - target: {fileID: -8679921383154817045, guid: 34258e6f387730e4e89c581574f7a60d,
        type: 3}
      propertyPath: m_LocalEulerAnglesHint.x
      value: 0
      objectReference: {fileID: 0}
    - target: {fileID: -8679921383154817045, guid: 34258e6f387730e4e89c581574f7a60d,
        type: 3}
      propertyPath: m_LocalEulerAnglesHint.y
      value: 0
      objectReference: {fileID: 0}
    - target: {fileID: -8679921383154817045, guid: 34258e6f387730e4e89c581574f7a60d,
        type: 3}
      propertyPath: m_LocalEulerAnglesHint.z
      value: 0
      objectReference: {fileID: 0}
    - target: {fileID: 919132149155446097, guid: 34258e6f387730e4e89c581574f7a60d,
        type: 3}
      propertyPath: m_Name
      value: Barrier_02
      objectReference: {fileID: 0}
    m_RemovedComponents: []
  m_SourcePrefab: {fileID: 100100000, guid: 34258e6f387730e4e89c581574f7a60d, type: 3}
--- !u!4 &7694941824141876353 stripped
Transform:
  m_CorrespondingSourceObject: {fileID: -8679921383154817045, guid: 34258e6f387730e4e89c581574f7a60d,
    type: 3}
  m_PrefabInstance: {fileID: 7873230773849471850}
  m_PrefabAsset: {fileID: 0}
